<record><leader>00000cas a2200000 a 4500</leader><controlfield tag="001">8079891</controlfield><controlfield tag="008">820120d19651967txuwr ne      0    0eng d</controlfield><controlfield tag="009">618</controlfield><datafield ind1=" " ind2=" " tag="010"><subfield code="a">sn 87090649 </subfield></datafield><datafield ind1=" " ind2=" " tag="040"><subfield code="a">TXG</subfield><subfield code="b">eng</subfield><subfield code="c">TXG</subfield><subfield code="d">PPM</subfield><subfield code="d">OCL</subfield></datafield><datafield ind1=" " ind2=" " tag="042"><subfield code="a">msc</subfield></datafield><datafield ind1="0" ind2=" " tag="130"><subfield code="a">Citizen (Austin, Tex.)</subfield></datafield><datafield ind1="0" ind2="4" tag="245"><subfield code="a">The Citizen.</subfield></datafield><datafield ind1=" " ind2=" " tag="260"><subfield code="a">Austin, Tex. :</subfield><subfield code="b">Colorado Publishers,</subfield><subfield code="c">1965-1967.</subfield></datafield><datafield ind1=" " ind2=" " tag="300"><subfield code="a">2 v. :</subfield><subfield code="b">ill. ;</subfield><subfield code="c">33 cm.</subfield></datafield><datafield ind1=" " ind2=" " tag="310"><subfield code="a">Weekly</subfield></datafield><datafield ind1="0" ind2=" " tag="362"><subfield code="a">Vol. 2, no. 24 (June 25, 1965)-v. 4, no. 20 (June 22, 1967).</subfield></datafield><datafield ind1=" " ind2=" " tag="752"><subfield code="a">United States</subfield><subfield code="b">Texas</subfield><subfield code="c">Travis</subfield><subfield code="d">Austin.</subfield></datafield><datafield ind1="0" ind2=" " tag="775"><subfield code="t">Citizen guide</subfield><subfield code="c">South Austin edition</subfield><subfield code="w">(OCoLC) 8079904</subfield></datafield><datafield ind1="0" ind2="0" tag="780"><subfield code="t">Travis County citizen</subfield><subfield code="w">(DLC)sn 87090918</subfield></datafield><datafield ind1="0" ind2="0" tag="785"><subfield code="t">Citizen news (Austin, Tex.)</subfield><subfield code="w">(DLC)sn 87090647</subfield></datafield><datafield ind1="0" ind2="1" tag="785"><subfield code="t">Citizen-guide</subfield><subfield code="w">(DLC)sn 87090648</subfield></datafield></record>